@article{GDMC,
  author       = {Christoph Salge and
                  Michael Cerny Green and
                  Rodrigo Canaan and
                  Julian Togelius},
  title        = {Generative Design in Minecraft (GDMC), Settlement Generation Competition},
  journal      = {CoRR},
  volume       = {abs/1803.09853},
  year         = {2018},
  url          = {http://arxiv.org/abs/1803.09853},
  eprinttype    = {arXiv},
  eprint       = {1803.09853},
  timestamp    = {Thu, 14 Oct 2021 09:15:15 +0200},
  biburl       = {https://dblp.org/rec/journals/corr/abs-1803-09853.bib},
  bibsource    = {dblp computer science bibliography, https://dblp.org}
}

@software{GDPC,
  author = {{Arthur van der Staaij, Blinkenlights, Nils Gawlik}},
  title = {GDPC},
  url = {https://github.com/avdstaaij/gdpc},
  version = {6.0.0.dev1},
  date = {2023-02-16},
}

@software{mod,
  author = {{Niels NTG Poldervaart, Niki Gawlik}},
  title = {GDMC mod},
  url = {https://github.com/Niels-NTG/gdmc_http_interface},
  version = {1.0.0},
  date = {2023-02-12},
}
